<record><leader>00000cas a22000007a 4500</leader><controlfield tag="001">13752409</controlfield><controlfield tag="008">860619d18491851inuwr ne      0    0eng d</controlfield><datafield ind1=" " ind2=" " tag="010"><subfield code="a">sn 86058639 </subfield></datafield><datafield ind1=" " ind2=" " tag="040"><subfield code="a">NPI</subfield><subfield code="b">eng</subfield><subfield code="c">NPI</subfield><subfield code="d">OCLCQ</subfield><subfield code="d">IUL</subfield><subfield code="d">OCLCF</subfield></datafield><datafield ind1=" " ind2=" " tag="042"><subfield code="a">msc</subfield></datafield><datafield ind1=" " ind2=" " tag="043"><subfield code="a">n-us-in</subfield></datafield><datafield ind1="0" ind2="0" tag="245"><subfield code="a">White water valley.</subfield></datafield><datafield ind1=" " ind2=" " tag="260"><subfield code="a">Connersville, Ind. :</subfield><subfield code="b">Thomas Surguy</subfield></datafield><datafield ind1=" " ind2=" " tag="300"><subfield code="a">v. :</subfield><subfield code="b">ill. (chiefly advertisements)</subfield></datafield><datafield ind1=" " ind2=" " tag="310"><subfield code="a">Weekly</subfield></datafield><datafield ind1="1" ind2=" " tag="362"><subfield code="a">Began in Jan. 1849; ceased between late July and mid-Nov. 1851.</subfield></datafield><datafield ind1=" " ind2=" " tag="515"><subfield code="a">When R.F. Brown purchased the paper in Mar. 1851, he began re-numbering with Vol. 1.</subfield></datafield><datafield ind1=" " ind2=" " tag="588"><subfield code="a">Description based on: New ser., vol. 2, no. 1 (Mar. 29, 1849).</subfield></datafield><datafield ind1=" " ind2="0" tag="651"><subfield code="a">Connersville (Ind.)</subfield><subfield code="v">Newspapers.</subfield></datafield><datafield ind1=" " ind2="0" tag="651"><subfield code="a">Fayette County (Ind.)</subfield><subfield code="v">Newspapers.</subfield></datafield><datafield ind1=" " ind2="7" tag="651"><subfield code="a">Indiana</subfield><subfield code="z">Connersville.</subfield><subfield code="2">fast</subfield><subfield code="0">(OCoLC)fst01235714</subfield></datafield><datafield ind1=" " ind2="7" tag="651"><subfield code="a">Indiana</subfield><subfield code="z">Fayette County.</subfield><subfield code="2">fast</subfield><subfield code="0">(OCoLC)fst01213220</subfield></datafield><datafield ind1=" " ind2="7" tag="655"><subfield code="a">Newspapers.</subfield><subfield code="2">fast</subfield><subfield code="0">(OCoLC)fst01423814</subfield></datafield><datafield ind1=" " ind2=" " tag="752"><subfield code="a">United States</subfield><subfield code="b">Indiana</subfield><subfield code="c">Fayette</subfield><subfield code="d">Connersville.</subfield></datafield><datafield ind1="0" ind2="0" tag="780"><subfield code="t">Indiana telegraph (Connersville, Ind.)</subfield><subfield code="w">(DLC)sn 82015314</subfield><subfield code="w">(OCoLC)8807930</subfield></datafield><datafield ind1="0" ind2="0" tag="785"><subfield code="t">White water valley times</subfield><subfield code="w">(DLC)sn 85048222</subfield><subfield code="w">(OCoLC)12886433</subfield></datafield></record>